%%%%%%%%%%%%%%%%%%%%
%                  %
%   Bibliography   %
%                  %
%%%%%%%%%%%%%%%%%%%%

%---------
% Vieux articles
%---------

@article{phin_jgr_64,
    author  = "Robert A Phinney ",
    title   = "Structure of the Earth's crust from spectral behavior of long-period body waves",
    journal = "Journal of Geophysical Research",
    year    = "1964",
    volume  = "69",
    pages   = "2997--3017"}

@article{lang_jgr_79,
    author  = "Charles A Langston ",
    title   = "Structure under Mount Rainier, Washington, inferred from teleseismic body waves",
    journal = "Journal of Geophysical Research",
    year    = "1979",
    volume  = "84",
    pages   = "4749--4762"}

@article{tess_gpro_88,
    author  = "Gisa Tessmer and
               Alfred Behle ",
    title   = "Common Reflection Point data-stacking technique for converted waves",
    journal = "Geophysical Prospecting",
    year    = "1988",
    volume  = "36",
    pages   = "671--688"}

@article{bost_lith_99,
    author  = "Michael G Bostock ",
    title   = "Seismic imaging of lithospheric discontinuities and continental evolution",
    journal = "Lithos",
    year    = "1999",
    volume  = "48",
    pages   = "1--16"}

%---------
% Biblio Codes
%---------

@article{rich_bssa_91,
    author  = "Paul G Richards and
               Dean C Witte    and
               Göran Ekström   ",
    title   = "Generalized Ray Theory for seismic waves in structures with planar nonparallel interfaces",
    journal = "Bulletin of the Seismological Society of America",
    year    = "1991",
    volume  = "81",
    pages   = "1309--1331"}

@article{fred_gji_00,
    author  = "Andrew W Frederiksen and
               Michael G Bostock    ",
    title   = "Modelling teleseismic waves in dipping anisotropic structures",
    journal = "Geophysical Journal International",
    year    = "2000",
    volume  = "141",
    pages   = "401--420"}

@article{podv_gji_91,
    author  = "Pascal Podvin    and
               Isabelle Lecomte ",
    title   = "Finite difference computation of traveltimes in very contrasted velocity models: 
               a massively parallel approach and its associated tools",
    journal = "Geophysical Journal International",
    year    = "1991",
    volume  = "105",
    pages   = "271--284"}

@article{vida_gphy_90,
    author  = "John E Vidale ",
    title   = "Finite-difference calculation of traveltimes in three dimensions",
    journal = "Geophysics",
    year    = "1990",
    volume  = "55",
    pages   = "521--526"}

@article{seth_pnas_96,
    author  = "James A Sethian ",
    title   = "A fast marching level set method for monotonically advancing fronts",
    journal = "Proceeding of the National Academy of Sciences",
    year    = "1996",
    volume  = "93",
    pages   = "1591--1595"}

@article{seth_gphy_99,
    author  = "James A Sethian  and
               A Mihai Popovici ",
    title   = "3-D traveltime computation using the fast marching method",
    journal = "Geophysics",
    year    = "1999",
    volume  = "64",
    pages   = "516--523"}

@article{rawl_gji_04,
    author  = "Nicholas Rawlinson and
               Malcolm Sambridge  ",
    title   = "Wave front evolution in strongly heterogeneous layered media using the fast marching method",
    journal = "Geophysical Journal International",
    year    = "2004",
    volume  = "156",
    pages   = "631--647"}

@article{rawl_gphy_04,
    author  = "Nicholas Rawlinson and
               Malcolm Sambridge  ",
    title   = "Multiple reflection and transmission phases in complex layered media using a multistage fast marching method",
    journal = "Geophysics",
    year    = "2004",
    volume  = "69",
    pages   = "1338--1350"}

@article{deko_gji_06,
    author  = "Marthijn de Kool   and
               Nicholas Rawlinson and
               Malcolm Sambridge  ",
    title   = "A practical grid-based mathod for tracking multiple refraction and reflection phases 
               in three-dimensional heterogeneous media",
    journal = "Geophysical Journal International",
    year    = "2006",
    volume  = "167",
    pages   = "253--270"}

@article{trom_ccp_08,
    author  = "Jeroen Tromp       and
               Dimitri Komatitsch and
               Qinya Liu          ",
    title   = "Spectral-element and adjoint methods in seismology",
    journal = "Communications in Computational Physics",
    year    = "2008",
    volume  = "3",
    pages   = "1--32"}

%---------
% Scattering Patterns Papers
%---------

@article{rond_sgeo_09,
    author  = "St\'ephane Rondenay ",
    title   = "Upper mantle imaging with array recordings of converted and scattered teleseismic waves",
    journal = "Surveys in Geohpysics",
    year    = "2009",
    volume  = "30",
    pages   = "377--405"}

@article{fred_gji_04,
    author  = "Andrew W Frederiksen and
               Justin Revenaugh     ",
    title   = "Lithospheric imaging via teleseismic scattering tomography",
    journal = "Geophysical Journal International",
    year    = "2004",
    volume  = "159",
    pages   = "978--990"}

@article{bost_gji_99,
    author  = "Michael G Bostock   and
               St\'ephane Rondenay ",
    title   = "Migration of scattered teleseismic body waves",
    journal = "Geophysical Journal International",
    year    = "1999",
    volume  = "137",
    pages   = "732--746"}

@article{beyl_wamo_90,
    author  = "Gregory Beylkin and
               Robert Burridge ",
    title   = "Linearized inverse scattering problems in acoustics and elasticity",
    journal = "Wave Motion",
    year    = "1990",
    volume  = "12",
    pages   = "15--52"}

@article{wuak_gphy_85,
    author  = "R Wu       and
               Keiiti Aki ",
    title   = "Scattering characteristics of elastic waves by an elastic heterogeneity",
    journal = "Geophysics",
    year    = "1985",
    volume  = "50",
    pages   = "582--595"}

@article{mile_gphy_60,
    author  = "John W Miles ",
    title   = "Scattering of elastic waves by small inhomogeneities",
    journal = "Geophysics",
    year    = "1960",
    volume  = "25",
    pages   = "642--648"}

%---------
% Observations
%---------

@article{cott_jgr_16,
    author  = "Sanne Cottaar and
               Arwen Deuss   ",
    title   = "Large-scale mantle discontinuity topography beneath Europe:
               Signature of akimotoite in subducting slabs",
    journal = "Journal of Geophysical Research: Solid Earth",
    year    = "2016",
    volume  = "121",
    pages   = "279--292"}

@article{cheng_grl_17,
    author  = "Cheng Cheng     and
               Thomas Bodin    and
               Benoit Tauzin   and
               Richard M Allen ",
    title   = "Cascadia subduction slab heterogeneity revealed by three-dimensional Receiver Function Kirchhoff migration",
    journal = "Geophysical Research Letters",
    year    = "2017",
    volume  = "44",
    pages   = "694--701"}

@article{chen_jgr_06,
    author  = "Ling Chen    and
               Tianyu Zheng and
               Weiwei Xu    ",
    title   = "A thinned lithospheric image of the Tanlu Fault Zone, eastern China:
               Constructed from wave equation based receiver function migration",
    journal = "Journal of Geophysical Research",
    year    = "2006",
    volume  = "111",
    pages   = "1--15"}

@article{sing_epsl_14,
    author  = "Julia Singer and
               T Diehl and
               S Husen and
               E Kissling and
               T Duretz     ",
    title   = "Alpine lithosphere slab rollback causing lower crustal seismicity in northern foreland",
    journal = "Earth and Planetary Science Letters",
    year    = "2014",
    volume  = "397",
    pages   = "42--56"}

@article{tauz_epsl_17,
    author  = "Benoit Tauzin           and
               Bruno Reynard           and
               Jean-Philippe Perrillat and
               Eric Debayle            and
               Thomas Bodin            ",
    title   = "Deep crustal fracture zones control fluid escape and the seismic cycle in the Cascadia subduction zone",
    journal = "Earth and Planetary Science Letters",
    year    = "2017",
    volume  = "460",
    pages   = "1--11"}

@article{simu_jgr_16,
    author  = "Saul\`e Simut\`e and
               Hamish Steptoe   and
               Laura Cobdeni    and
               Alexey Gokhberg  and
               Andreas Fichtner ",
    title   = "Full waveform inversion of the Japanese Islands region",
    journal = "Journal of Geophysical Research",
    year    = "2016",
    volume  = "121",
    pages   = "3722--3741"}

@article{jenk_epsl_16,
    author  = "J Jenkins and
               S Cottaar and
               R S White and
               A Deuss   ",
    title   = "Depressed mantle discontinuities beneath Iceland:
               Evidence of a garnet controlled 660km discontinuity?",
    journal = "Earth and Planetary Science Letters",
    year    = "2016",
    volume  = "433",
    pages   = "159--168"}

@article{kawa_sci_09,
    author  = "Hitoshi Kawakatsu  and
               Prakash Kumar      and
               Yasuko Takei       and
               Masanao Shinohara  and
               Toshihiko Kanazawa and
               Eiichiro Araki     and
               Kiyoshi Suyehiro   ",
    title   = "Seismic evidence for sharp lithosphere-asthenosphere boundaries of oceanic plates",
    journal = "Science",
    year    = "2009",
    volume  = "324",
    pages   = "499--502"}

%---------
% Theory
%---------

@article{daco_gphy_16,
    author  = "Carlos A da Costa Filho and
               Andrew Curtis           ",
    title   = "Attenuating multiple-related imaging artifacts using combined imaging conditions",
    journal = "Geophysics",
    year    = "2016",
    volume  = "81",
    pages   = "469--475"}

@article{burd_gji_13,
    author  = "Scott Burdick and
               Maarten V de Hoop and
               S Wang and
               Robert D van der Hilst ",
    title   = "Reverse-time migration-based reflection tomography using teleseismic free surface multiples",
    journal = "Geophysical Journal International",
    year    = "2013",
    volume  = "196",
    pages   = "996--1017"}

@article{chen_jgr_05,
    author  = "Ling Chen    and
               Lianxing Wen and
               tianyu Zheng ",
    title   = "A wave equation migration method for Receiver Function imaging: 1. Theory",
    journal = "Journal of Geophysical Research",
    year    = "2005",
    volume  = "110",
    pages   = "1--15"}

@article{fras_gji_10,
    author  = "A Frassetto and
               G Zandt     and
               H Gilbert   and
               T J Owens   and
               C H Jones   ",
    title   = "Improved imaging with phase-weighted Common Conversion Point stacks of Receiver Functions",
    journal = "Geophysical Journal International",
    year    = "2010",
    volume  = "182",
    pages   = "368--374"}

@article{popp_jgr_03,
    author  = "Christian Poppeliers and
               Gary L Pavlis        ",
    title   = "Three-dimensional, prestack, plane wave migration of teleseismic P-to-S converted phases: 1. Theory",
    journal = "Journal of Geophysical Research",
    year    = "2003",
    volume  = "108",
    pages   = "1--18"}

@article{shan_grl_12,
    author  = "Xuefeng Shang          and
               Maarten V de Hoop      and
               Robert D van der Hilst ",
    title   = "Beyond Receiver Functions: Passive source reverse time migration and inverse scattering of converted waves",
    journal = "Geophysical Research Letters",
    year    = "2012",
    volume  = "39",
    pages   = "1--17"}

@article{tauz_epsl_16,
    author  = "Benoit Tauzin           and
               Thomas Bodin            and
               Eric Debayle            and
               Jean-Philippe Perrillat and
               Bruno Reynard           ",
    title   = "Multi-mode conversion imaging of the subducted Gorda and Juan de Fuca plates below the North American continent",
    journal = "Earth and Planetary Science Letters",
    year    = "2016",
    volume  = "440",
    pages   = "135--146"}

@article{wils_jgr_05,
    author  = "David Wilson  and
               Richard Aster ",
    title   = "Seismic imaging of the crust and upper mantle using regularized joint Recevier Functions,
               frequency-wave number filtering and multimode Kirchhoff migration",
    journal = "Journal of Geophysical Research",
    year    = "2005",
    volume  = "110",
    pages   = "1--12"}

@article{schw_gphy_14,
    author  = "Benjamin Schwarz and
               Claudia Vanelle  and
               Dirk Gajewski    and
               Boris Kashtan    ",
    title   = "Curvatures and inhomogeneities: An improved common-reflection-surface approach",
    journal = "Geophysics",
    year    = "2014",
    volume  = "79",
    pages   = "231--240"}

@article{zhu_gphy_98,
    author  = "Jimming Zhu   and
               Larry R Lines ",
    title   = "Comparison of Kirchhoff and reverse-time migration methods
               with application to prestack depth imaging of complex structures",
    journal = "Geophysics",
    year    = "1998",
    volume  = "63",
    pages   = "1166--1176"}

%---------
% Basic Papers
%---------

@article{cheng_gji_16,
    author  = "Cheng Cheng     and
               Thomas Bodin    and
               Richard M Allen ",
    title   = "Three-dimensional pre-stack depth migration of Receiver Functions 
               with the fast marching method: A Kirchhoff approach",
    journal = "Geophysical Journal International",
    year    = "2016",
    volume  = "205",
    pages   = "819--829"}

@article{bost_jgr_01,
    author  = "Michael G Bostock   and
               St\'ephane Rondenay and
               Jeffrey Shragge     ",
    title   = "Multiparameter two-dimensional inversion of scattered teleseismic body waves:
               1. Theory for oblique incidence",
    journal = "Journal of Geophysical Research",
    year    = "2001",
    volume  = "106",
    pages   = "30771--30782"}

@article{shra_jgr_01,
    author  = "Jeffrey Shragge     and
               Michael G Bostock   and
               St\'ephane Rondenay ",
    title   = "Multiparameter two-dimensional inversion of scattered teleseismic body waves:
               2. Numerical examples",
    journal = "Journal of Geophysical Research",
    year    = "2001",
    volume  = "106",
    pages   = "30783--30793"}

@article{rond_jgr_01,
    author  = "St\'ephane Rondenay and
               Michael G Bostock   and
               Jeffrey Shragge     ",
    title   = "Multiparameter two-dimensional inversion of scattered teleseismic body waves:
               3. Application to the Cascadia 93 data set",
    journal = "Journal of Geophysical Research",
    year    = "2001",
    volume  = "106",
    pages   = "30795--30807"}

@article{rawl_pepi_10,
    author  = "Nicholas Rawlinson and
               Sara Pozgay        and
               Stewart Fishwick   ",
    title   = "Seismic tomography: A window into deep Earth",
    journal = "Physics of the Earth and Planetary Interiors",
    year    = "2010",
    volume  = "178",
    pages   = "101--135"}

%---------
% Other Papers
%---------

@article{hase_peps_17,
    author  = "Akira Hasegawa   and
               Junichi Nakajima ",
    title   = "Seismic imaging of slab metamorphis and genesis of intermediate-depth intraslab earthquakes",
    journal = "Progress in Earth and Planetary Science",
    year    = "2017",
    volume  = "4:12",
    pages   = "1--31"}

@article{mats_tphy_17,
    author  = "Makoto Matsubara and
               Hiroshi Sato     and
               Tatsuya Ishiyama and
               Anne van Horne ",
    title   = "Configuration of the Moho discontinuity beneath the Japenese Islands
               derived from three-dimensional seismic tomography",
    journal = "Tectonophysics",
    year    = "2017",
    volume  = "710",
    pages   = "97--107"}

@article{tone_epsl_08,
    author  = "Takashi Tonegawa and
               Kazuro Hirahara  and
               Takuo Shibutani  and
               Hiraku Iwamori   and
               Hiroo Kanamori   and
               Katsuhiro Shiomi ",
    title   = "Water flow to the mantle transition zone infered from a Receiver Function image of the Pacific slab",
    journal = "Earth and Planetary Science Letters",
    year    = "2008",
    volume  = "274",
    pages   = "346--354"}

@article{zhen_sci_07,
    author  = "Yingcai Zheng    and
               Thorne Lay       and
               Megan P Flanagan and
               Quentin Williams ",
    title   = "Pervasive seismic wave reflectivity and metasomatism of the Tonga mantle wedge",
    journal = "Science",
    year    = "2007",
    volume  = "316",
    pages   = "855--859"}

@article{yama_natg_17,
    author  = "Philippe Yamato  and
               Jean-Pierre Brun ",
    title   = "Metamorphic record of catastrophic pressure drops in subduction zones",
    journal = "Nature Geoscience",
    year    = "2017",
    volume  = "10",
    pages   = "46--50"}

@article{aber_natg_17,
    author  = "Geoffrey A Abers  and
               Peter E van Keken and
               Bradley R Hacker  ",
    title   = "The cold and relatively dry nature of mantle forearcs in subduction zones",
    journal = "Nature Geoscience",
    year    = "2017",
    volume  = "10",
    pages   = "333--337"}

@article{ko_grl_16,
    author  = "Justin Y T Ko and
               Ban-Yuan Kuo  ",
    title   = "Low radiation efficiency of the intermediate-depth earthquakes in the Japan subduction zone",
    journal = "Geophysical Research Letters",
    year    = "2016",
    volume  = "43",
    pages   = "11611--11619"}

@article{rein_eguse_16,
    author  = "Michael Reinwald and
               Moritz Bernauer  and
               Heiner Igel      and
               Stefanie Donner  ",
    title   = "Improved finite-source inversion through joint measurements of rotational and translational ground motions:
               A numerical study",
    journal = "Solid Earth",
    year    = "2016",
    volume  = "7",
    pages   = "1467--1477"}

@article{donn_gji_16,
    author  = "Stefanie Donner and
               Moritz Bernauer and
               Heiner Igel     ",
    title   = "Inversion for seismic moment tensors combining translational and rotational ground motions",
    journal = "Geophysical Journal International",
    year    = "2016",
    volume  = "207",
    pages   = "562--570"}

%---------
% Discussion Jean Virieux
%---------

@article{boue_gphy_13,
    author  = "Pierre Bou\'e       and
               Philippe Roux       and
               Michel Campillo     and
               Benoit de Cacqueray ",
    title   = "Double beamforming processing in a seismic prospecting context",
    journal = "Geophysics",
    year    = "2013",
    volume  = "78",
    pages   = "101--108"}

@article{lamb_gphy_08,
    author  = "Gilles Lambar\'e ",
    title   = "Stereotomography",
    journal = "Geophysics",
    year    = "2008",
    volume  = "73",
    pages   = "25--34"}

@article{capo_telf_14,
    author  = "Amadeo Capozzoli and
               Claudio Curcio   and
               Angelo Liseno    and
               S Savarese ",
    title   = "A comparison of fast marching, fast sweeping and fast iterative methods
               for the solution of the Eikonal equation",
    journal = "telfor Journal",
    year    = "2014",
    volume  = "6",
    pages   = "142--147"}

@article{lebo_eage_17,
    author  = "Philippe Le Bouteiller and
               Mounir Ben Jemaa       and
               Herv\'e Chauris        and
               Ludovic M\'etivier     and
               Borhan F Tavakoli      and
               Mark Noble             and
               Jean Virieux           ",
    title   = "Discontinuous Galerkin method for TTI Eikonal equation",
    journal = "79th EAGE Conference and Exhibition",
    year    = "2017",
    volume  = "",
    pages   = "1--4"}

%---------
% Unsorted
%---------

@article{aber_geol_09,
    author  = "Geoffrey A. Abers and
               Laura S. MacKenzie and
               St\'ephane Rondenay and
               Zhu Zhang and
               Aarom G. Wech and
               Kenneth C. Creager       ",
    title   = "Imaging the source region of Cascadia tremor and intermediate-depth earthquakes",
    journal = "Geology",
    year    = "2009",
    volume  = "37",
    pages   = "1119--1122"}

@article{clae_book_85,
    author  = "Jon F. Claerbout",
    title   = "Imaging the Earth's Interior",
    journal = "",
    year    = "1985",
    volume  = "",
    pages   = ""}

@article{coop_saga_07,
    author  = "G. R. J. Cooper",
    title   = "Stacking Phase Coherent Signals",
    journal = "10th SAGA Biennial Technical Meeting and Exhibition",
    year    = "2009",
    volume  = "",
    pages   = ""}

@article{cost_gphy_18,
    author  = "Jess\'e C. Costa and
               Walter E. Medeiros and
               Martin Schimmel and
               Flavio L. Santana and
               Jörg Schleicher ",
    title   = "Reverse time migration using phase cross-correlation",
    journal = "Geophysics",
    year    = "2018",
    volume  = "83",
    pages   = "1--65"}

@article{duek_jgr_97,
    author  = "Kenneth G. Dueker and
               Anne F. Sheehan  ",
    title   = "Manlte discontinuity structure from midpoint stacks of converted P to S waves
               across the Yellowstone hotspot track",
    journal = "Journal of Geophysical Research",
    year    = "1997",
    volume  = "102",
    pages   = "8313--8327"}

@article{hans_ggg_17,
    author  = "M. S. Hansen and
               B. Schmandt  ",
    title   = "P- and S-wave Receiver Function Imaging of Subduction with Scattering Kernels",
    journal = "Geochemistry Geophysics Geosystems",
    year    = "2017",
    volume  = "18",
    pages   = "4487--4502"}

@article{leva_ggg_12,
    author  = "Alan Levander and
               Meghan S. Miller  ",
    title   = "Evolutionary aspects of lithosphere discontinuity structure in the western U.S.",
    journal = "Geochemistry Geophysics Geosystems",
    year    = "2012",
    volume  = "13",
    pages   = "1--22"}

@article{park_bssa_00,
    author  = "Jeffrey Park and
               Vadim Levin  ",
    title   = "Receiver Functions from Multiple-Taper Spectral Correlation Estimates",
    journal = "Bulletin of the Seismological Society of America",
    year    = "2000",
    volume  = "90",
    pages   = "1507--1520"}

@article{pavl_cg_11,
    author  = "Gary L. Pavlis  ",
    title   = "Three-dimensional, wavefield imaging of broadband seismic array data",
    journal = "Computers and Geosciences",
    year    = "2011",
    volume  = "37",
    pages   = "1054--1066"}

@article{pear_jgr_12,
    author  = "F. D. Pearce and
               S. Rondenay and
               M. Sachpazi and
               M. Charalampakis and
               L. H. Royden ",
    title   = "Seismic investigation of the transition from continental to oceanic subduction
               along the western Hellenic Subduction Zone",
    journal = "Journal of Geophysical Research",
    year    = "2012",
    volume  = "117",
    pages   = "1--18"}

@article{rond_srl_17,
    author  = "St\'ephane Rondenay and
               Kathrin Spieker and
               Lucas Sawade and
               Felix Halpaap and
               Mari Farestveit ",
    title   = "GLImER: A New Global Database of Teleseismic Receiver Functions for Imaging Earth Structure",
    journal = "Seismological Research Letters",
    year    = "2017",
    volume  = "88",
    pages   = "1--10"}

@article{schi_gji_97,
    author  = "Martin Schimmel and
               Hanneke Paulssen ",
    title   = "Noise reduction and detection of weak, coherent signals through phase-weighted stacks",
    journal = "Geophysical Journal International",
    year    = "1997",
    volume  = "130",
    pages   = "497--505"}

@article{shan_gji_17,
    author  = "Xuefeng Shang and
               Maartin V. de Hoop and
               Robert D. van der Hilst ",
    title   = "Common conversion point stacking of receiver functions versus passive-source
               reverse time migration and wavefield regularization",
    journal = "Geophysical Journal International",
    year    = "2017",
    volume  = "209",
    pages   = "923--934"}

@article{wang_jgr_16,
    author  = "Yinzhi Wang and
               Gary L. Pavlis ",
    title   = "Roughness of the mantle transition zone discontinuities revealed by high-resolution wavefield imaging",
    journal = "Journal of Geophysical Research",
    year    = "2016",
    volume  = "121",
    pages   = "6757--6778"}

@article{ylma_book_01,
    author  = "Öz Ylmaz  ",
    title   = "Seismic Data Analysis",
    journal = "",
    year    = "2001",
    volume  = "",
    pages   = ""}


%---------
% Interpretation
%---------

@article{gala_tphy_05,
    author  = "D. Galanopoulos and
               V. Sakkas       and
               D. Kosmatos     and
               E. Lagios       ",
    title   = "Geoelectric investigation of the Hellenic subduction zone using long period magnetotelluric data",
    journal = "Tectonophysics",
    year    = "2005",
    volume  = "409",
    pages   = "73--84"}

@article{mcga_nat_14,
    author  = "R. Shane McGary      and
               Rob L. Evans         and
               Philip E. Wannamaker and
               Jimmy Elsenbeck      and
               St\'ephane Rondenay  ",
    title   = "Pathway from subducting slab to surface for melt and fluids beneath Mount Rainier",
    journal = "Nature",
    year    = "2014",
    volume  = "511",
    pages   = "338--340"}

@article{wann_ggg_14,
    author  = "Philip E. Wannamaker and
               Rob L. Evans         and
               Paul A. Bedrosian    and
               Martyn J. Unsworth   and
               Virginie Maris       and
               R. Shane McGary      ",
    title   = "Segmentation of plate coupling, fate of subduction fluids, and modes of arc magmatism
               in Cascadia, inferred from magnetotelluric resistivity",
    journal = "Geochemistry, Geophysics, Geosystems",
    year    = "2014",
    volume  = "15",
    pages   = "4230--4253"}

@article{pepi_gsa_07,
    author  = "Georgia Pe-Piper  and
               David J. W. Piper ",
    title   = "Neogene backarc volcanism of the Aegean: New insights into the relationship between magmatism and tectonics",
    journal = "Geological Society of America",
    year    = "2007",
    volume  = "418",
    pages   = "17--31"}

@article{papa_tecto_07,
    author  = "Dimitrios J. Papanikolaou and
               Leigh H. Royden           ",
    title   = "Disruption of the Hellenic arc: Late Miocene extensional detachment faults and steep Pliocene-Quaternary normal faults--Or what happened ar Corinth?",
    journal = "Tectonics",
    year    = "2007",
    volume  = "26",
    pages   = "1--16"}


%---------
% Moar Paperz!
%---------

@article{yama_eps_03,
    author  = "Makiko Yamauchi and
               Kazuro Hirahara and
               Takuo Shibutani ",
    title   = "High resolution receiver function imaging of the seismic velocity discontinuities in the crust and the uppermost mantle beneath southwest Japan",
    journal = "Earth, Planets, Space",
    year    = "2003",
    volume  = "55",
    pages   = "59--64"}

@article{chen_jgr_10,
    author  = "Youlin Chen     and
               Fenglin Niu     and
               Ruifeng Liu     and
               Zhibin Huang    and
               Hrvorje Tkalcic and
               Li Sun          and
               Winston Chan    ",
    title   = "Crustal structure beneath China from receiver function analysis",
    journal = "Journal of Geophysical Research",
    year    = "2010",
    volume  = "115",
    pages   = "1--22"}

@article{chen_gji_10,
    author  = "C.-W. Chen         and
               D. E. Miller       and
               H. A. Djikpesse    and
               J. B. U. Haldorsen and
               S. Rondenay        ",
    title   = "Array-conditioned deconvolution of multiple-component teleseismic recordings",
    journal = "Geophysical Journal International",
    year    = "2010",
    volume  = "182",
    pages   = "967--976"}

@article{rybe_gji_00,
    author  = "T. Ryberg and
               M. Weber  ",
    title   = "Receiver function arrays: a reflection seismic approach",
    journal = "Geophysical Journal International",
    year    = "2000",
    volume  = "141",
    pages   = "1--11"}

@article{liu_gji_13,
    author  = "Kaijian Liu   and
               Alan Levander ",
    title   = "Three-dimensional Kirchhoff-approximate generalized Radon transform imaging using teleseismic P-to-S scattered waves",
    journal = "Geophysical Journal International",
    year    = "2013",
    volume  = "192",
    pages   = "1196--1216"}

@article{rond_agu_05,
    author  = "St\'ephane Rondenay and
               Michael G Bostock   and
               Karen M Fisher      ",
    title   = "Multichannel Inversion of Scattered Teleseismic Body Waves: Practical Considerations and Applicability ",
    journal = "Geophysical Monograph Series",
    year    = "2005",
    volume  = "157",
    pages   = "2--17"}

@article{haal_jgr_18,
    author  = "Felix Haalpap       and
               St\'ephane Rondenay and
               Lars Ottemöller     ",
    title   = "Seismicity, Deformation, and Metamorphism in the Western Hellenic Subduction Zone:
               New Constraints From Tomography",
    journal = "Journal of Geophysical Research",
    year    = "2018",
    volume  = "123",
    pages   = "3000--3026"}

@article{tzan_gji_18,
    author  = "A Tzanis     and
               A Efstathiou and
               S Chailas    and
               M Stamatakis ",
    title   = "Evidence of recent plutonic magmatism beneath Northeast Peloponnesus (Greece) 
               and its relationship to regional tectonics",
    journal = "Geophysical Journal International",
    year    = "2018",
    volume  = "212",
    pages   = "1600--1626"}

@article{bodi_gji_16,
    author  = "Thomas Bodin       and
               Julie Leiva        and
               Barbara Romanowicz and
               Val\'erie Maupin   and
               Huaiyu Yuan        ",
    title   = "Imaging Anisotropic Layering with Bayesian Inversion of Multiple Data Types",
    journal = "Geophysical Journal International",
    year    = "2016",
    volume  = "206",
    pages   = "605--629"}

